@article{de2008diagnostico,
  title={Diagn贸stico y Tratamiento de la hipertensi贸n arterial en el Primer Nivel de Atenci贸n},
  author={de Salubridad General, Consejo},
  journal={M{\'e}xico: Centro Nacional de Excelencia Tecnol贸gica en Salud},
  year={2008}
}

@book{mobus2015principles,
  title={Principles of systems science},
  author={Mobus, George E and Kalton, Michael C and others},
  year={2015},
  publisher={Springer}
}

@article{campos2018hipertension,
  title={Hipertensi{\'o}n arterial en adultos mexicanos: prevalencia, diagn{\'o}stico y tipo de tratamiento. Ensanut MC 2016},
  author={Campos-Nonato, Ismael and Hern{\'a}ndez-Barrera, Luc{\'\i}a and Pedroza-Tob{\'\i}as, Andrea and Medina, Catalina and Barquera, Sim{\'o}n},
  journal={salud p{\'u}blica de m{\'e}xico},
  volume={60},
  pages={233--243},
  year={2018},
  publisher={SciELO Public Health}
}

@inproceedings{rivera2020symmetry,
  title={Symmetry and Signs of Self-Organized Criticality in Living Organisms},
  author={Rivera, Ana Leonor and Toledo-Roy, Juan Claudio and Frank, Alejandro},
  booktitle={Journal of Physics: Conference Series},
  volume={1612},
  number={1},
  pages={012024},
  year={2020},
  organization={IOP Publishing}
}

@book{engel2010thermodynamics,
  title={Thermodynamics, statistical thermodynamics, and kinetics},
  author={Engel, Thomas and Reid, Philip J},
  year={2010},
  publisher={Prentice Hall Upper Saddle River, NJ, USA},
  volume        = {1},
}

