@article{scala2014complex,
  title={Complex networks for data-driven medicine: the case of Class III dentoskeletal disharmony},
  author={Scala, Antonio and Auconi, Pietro and Scazzocchio, Marco and Caldarelli, Guido and McNamara, James A and Franchi, Lorenzo},
  journal={New Journal of Physics},
  volume={16},
  number={11},
  pages={115017},
  year={2014},
  publisher={IOP Publishing}
}

@article{chmiel2014spreading,
  title={Spreading of diseases through comorbidity networks across life and gender},
  author={Chmiel, Anna and Klimek, Peter and Thurner, Stefan},
  journal={New Journal of Physics},
  volume={16},
  number={11},
  pages={115013},
  year={2014},
  publisher={IOP Publishing}
}

@article{monti2018network,
  title={Network analysis identifies disease-specific pathways for Parkinson’s disease},
  author={Monti, Chiara and Colugnat, Ilaria and Lopiano, Leonardo and Chi{\`o}, Adriano and Alberio, Tiziana},
  journal={Molecular neurobiology},
  volume={55},
  number={1},
  pages={370--381},
  year={2018},
  publisher={Springer}
}

@article{pereira2018computational,
  title={Computational and complex network modeling for analysis of sprinter athletes’ performance in track field tests},
  author={Pereira, Vanessa H and Gobatto, Claudio A and Lewis, Theodore G and Ribeiro, Luiz FP and Beck, Wladimir R and Dos Reis, Ivan GM and Sousa, Filipe AB and Manchado-Gobatto, F{\'u}lvia B},
  journal={Frontiers in physiology},
  volume={9},
  pages={843},
  year={2018},
  publisher={Frontiers}
}

@article{jansen2019network,
  title={Network physiology in insomnia patients: Assessment of relevant changes in network topology with interpretable machine learning models},
  author={Jansen, Christoph and Penzel, Thomas and Hodel, Stephan and Breuer, Stefanie and Spott, Martin and Krefting, Dagmar},
  journal={Chaos: An Interdisciplinary Journal of Nonlinear Science},
  volume={29},
  number={12},
  pages={123129},
  year={2019},
  publisher={AIP Publishing LLC}
}

@article{pereira2019complex,
  title={Complex networks models and spectral decomposition in the analysis of swimming athletes’ performance at Olympic games},
  author={Pereira-Ferrero, Vanessa Helena and Lewis, Theodore Gyle and Ferrero, Luciane Graziele Pereira and Duarte, Leonardo Tomazeli},
  journal={Frontiers in physiology},
  volume={10},
  pages={1134},
  year={2019},
  publisher={Frontiers}
}

@article{zanetti2019information,
  title={Information dynamics of the brain, cardiovascular and respiratory network during different levels of mental stress},
  author={Zanetti, Matteo and Faes, Luca and Nollo, Giandomenico and De Cecco, Mariolino and Pernice, Riccardo and Maule, Luca and Pertile, Marco and Fornaser, Alberto},
  journal={Entropy},
  volume={21},
  number={3},
  pages={275},
  year={2019},
  publisher={Multidisciplinary Digital Publishing Institute}
}
@article{easton2020metabolic,
  title={Metabolic Physiological Networks: The Impact of Age},
  author={Easton, JF and Rivera, AL and RJ, Martinez Tapia and De la Cruz, L and Stephens, CR and others},
  year={2020}
}

@article{lehnertz2020human,
  title={The Human Organism as an Integrated Interaction Network: Recent Conceptual and Methodological Challenges},
  author={Lehnertz, Klaus and Br{\"o}hl, Timo and Rings, Thorsten},
  journal={Frontiers in Physiology},
  volume={11},
  pages={1694},
  year={2020},
  publisher={Frontiers}
}

@article{antonacci2020information,
  title={Information transfer in linear multivariate processes assessed through penalized regression techniques: Validation and application to physiological networks},
  author={Antonacci, Yuri and Astolfi, Laura and Nollo, Giandomenico and Faes, Luca},
  journal={Entropy},
  volume={22},
  number={7},
  pages={732},
  year={2020},
  publisher={Multidisciplinary Digital Publishing Institute}
}

@article{tan2020organ,
  title={Organ system network disruption is associated with poor prognosis in patients with chronic liver failure},
  author={Tan, Yen Yi and Montagnese, Sara and Mani, Ali R},
  journal={Frontiers in physiology},
  volume={11},
  pages={983},
  year={2020},
  publisher={Frontiers}
}

@article{marzbanrad2020framework,
  title={A framework to quantify controlled directed interactions in network physiology applied to cognitive function assessment},
  author={Marzbanrad, Faezeh and Yaghmaie, Negin and Jelinek, Herbert F},
  journal={Scientific Reports},
  volume={10},
  number={1},
  pages={1--13},
  year={2020},
  publisher={Nature Publishing Group}
}

@article{adams2021gabaergic,
  title={GABAergic cortical network physiology in frontotemporal lobar degeneration.},
  author={Adams, Natalie and Hughes, Laura E and Rouse, Matthew A and Phillips, Holly N and Shaw, Alexander D and Murley, Alexander G and Cope, Thomas and Bevan-Jones, W Richard and Passamonti, Luca and Holland, Negin and others},
  year={2021}
}

@article{antonacci2021estimation,
  title={Estimation of Granger causality through Artificial Neural Networks: applications to physiological systems and chaotic electronic oscillators},
  author={Antonacci, Yuri and Minati, Ludovico and Faes, Luca and Pernice, Riccardo and Nollo, Giandomenico and Toppi, Jlenia and Pietrabissa, Antonio and Astolfi, Laura},
  journal={PeerJ Computer Science},
  volume={7},
  pages={e429},
  year={2021},
  publisher={PeerJ Inc.}
}

@article{barajas2021physiological,
  title={Physiological network from anthropometric and blood test biomarkers},
  author={Barajas-Martinez, Antonio and Ibarra-Coronado, Elizabeth and Sierra-Vargas, Martha Patricia and Cruz-Bautista, Ivette and Almeda-Valdes, Paloma and Aguilar-Salinas, Carlos A and Fossion, Ruben and Stephens, Christopher R and Vargas-Dom{\'\i}nguez, Claudia and Atzatzi-Aguilar, Octavio Gamaliel and others},
  journal={Frontiers in physiology},
  volume={11},
  pages={1791},
  year={2021},
  publisher={Frontiers}
}

@article{barajas2021sex,
  title={Sex differences in the physiological network of healthy young subjects},
  author={Barajas Martinez, Antonio and Ibarra-Coronado, Elizabeth Guadalupe and Fossion, Ruben Yvan Maarten and Toledo-Roy, Juan Claudio and Mart{\'\i}nez Garc{\'e}s, Vania and L{\'o}pez-Rivera, Juan Antonio and Tello Santoyo, Geraldine and Lavin, Rusland David and G{\'o}mez, Jos{\'e} Luis and Stephens, Christopher Rhodes and others},
  journal={Frontiers in physiology},
  volume={12},
  pages={608},
  year={2021},
  publisher={Frontiers}
}

@article{cohen2021robust,
  title={Robust physiological metrics from sparsely sampled networks},
  author={Cohen, Alan A and Leblanc, Sebastien and Roucou, Xavier},
  journal={Frontiers in Physiology},
  volume={12},
  pages={60},
  year={2021},
  publisher={Frontiers}
}
