
@article{bashan2012network,
  title     = {Network physiology reveals relations between network topology and physiological function},
  author    = {Bashan, Amir and Bartsch, Ronny P and Kantelhardt, Jan W and Havlin, Shlomo and Ivanov, Plamen Ch},
  journal   = {Nature communications},
  volume    = {3},
  number    = {1},
  pages     = {1--9},
  year      = {2012},
  publisher = {Nature Publishing Group}
}

@article{bartsch2014coexisting,
  title        = {Coexisting forms of coupling and phase-transitions in physiological networks},
  author       = {Bartsch, Ronny P and Ivanov, Plamen Ch},
  booktitle    = {International Conference on Nonlinear Dynamics of Electronic Systems},
  pages        = {270--287},
  year         = {2014},
  organization = {Springer}
}

@inproceedings{liu2015major,
  title={Major component analysis of dynamic networks of physiologic organ interactions},
  author={Liu, Kang KL and Bartsch, Ronny P and Ma, Qianli DY and Ivanov, Plamen Ch},
  booktitle={Journal of Physics: Conference Series},
  volume={640},
  number={1},
  pages={012013},
  year={2015},
  organization={IOP Publishing}
}

@article{bartsch2015network,
  title={Network physiology: how organ systems dynamically interact},
  author={Bartsch, Ronny P and Liu, Kang KL and Bashan, Amir and Ivanov, Plamen Ch},
  journal={PloS one},
  volume={10},
  number={11},
  pages={e0142143},
  year={2015},
  publisher={Public Library of Science}
}

@article{2015Plasticity,
  author  = {Liu, Kang K. L. and Bartsch, Ronny P. and Lin, Aijing and Mantegna, Rosario N. and Ivanov, Plamen Ch.},
  title   = {Plasticity of brain wave network interactions and evolution across physiologic states},
  journal = {Frontiers in Neural Circuits},
  volume  = {9},
  pages   = {62},
  year    = {2015},
  url     = {https://www.frontiersin.org/article/10.3389/fncir.2015.00062},
  doi     = {10.3389/fncir.2015.00062},
  issn    = {1662-5110}
}

@article{lin2016delay,
  title={Delay-correlation landscape reveals characteristic time delays of brain rhythms and heart interactions},
  author={Lin, Aijing and Liu, Kang KL and Bartsch, Ronny P and Ivanov, Plamen Ch},
  journal={Philosophical Transactions of the Royal Society A: Mathematical, Physical and Engineering Sciences},
  volume={374},
  number={2067},
  pages={20150182},
  year={2016},
  publisher={The Royal Society Publishing}
}

@article{ivanov2016focus,
  title={Focus on the emerging new fields of network physiology and network medicine},
  author={Ivanov, Plamen Ch and Liu, Kang KL and Bartsch, Ronny P},
  journal={New journal of physics},
  volume={18},
  number={10},
  pages={100201},
  year={2016},
  publisher={IOP Publishing}
}

@article{rizzo2020network,
  title={Network Physiology of Cortico--Muscular Interactions},
  author={Rizzo, Rossella and Zhang, Xiyun and Wang, Jilin WJL and Lombardi, Fabrizio and Ivanov, Plamen Ch},
  journal={Frontiers in Physiology},
  volume={11},
  year={2020},
  publisher={Frontiers Media SA}
}

@article{lin2020dynamic,
  title={Dynamic network interactions among distinct brain rhythms as a hallmark of physiologic state and function},
  author={Lin, Aijing and Liu, Kang KL and Bartsch, Ronny P and Ivanov, Plamen Ch},
  journal={Communications biology},
  volume={3},
  number={1},
  pages={1--11},
  year={2020},
  publisher={Nature Publishing Group}
}

@article{lin2020dynamic,
  title={Dynamic network interactions among distinct brain rhythms as a hallmark of physiologic state and function},
  author={Lin, Aijing and Liu, Kang KL and Bartsch, Ronny P and Ivanov, Plamen Ch},
  journal={Communications biology},
  volume={3},
  number={1},
  pages={1--11},
  year={2020},
  publisher={Nature Publishing Group}
}

@article{balague2020network,
  title={Network Physiology of Exercise: Vision and Perspectives},
  author={Balagu{\'e}, Nat{\`a}lia and Hristovski, Robert and Almarcha, Mar{\'\i}a del Carmen and Garcia-Retortillo, Sergi and Ivanov, Plamen Ch},
  journal={Frontiers in Physiology},
  volume={11},
  pages={1607},
  year={2020},
  publisher={Frontiers}
}

@article{nakazato2020estimation,
  title={Estimation of homeostatic dysregulation and frailty using biomarker variability: a principal component analysis of hemodialysis patients},
  author={Nakazato, Yuichi and Sugiyama, Tomoko and Ohno, Rena and Shimoyama, Hirofumi and Leung, Diana L and Cohen, Alan A and Kurane, Riichi and Hirose, Satoru and Watanabe, Akihisa and Shimoyama, Hiromi},
  journal={Scientific Reports},
  volume={10},
  number={1},
  pages={1--12},
  year={2020},
  publisher={Nature Publishing Group}
}

@inproceedings{ivanov2021signal,
  title={Signal processing in Network Physiology: quantifying network dynamics of organ interactions},
  author={Ivanov, Plamen Ch and Wang, Jilin WJL and Zhang, Xiyun},
  booktitle={2020 28th European Signal Processing Conference (EUSIPCO)},
  pages={945--949},
  year={2021},
  organization={IEEE}
}
